<?xml version="1.0" encoding="UTF-8"?><collection xmlns="http://www.loc.gov/MARC21/slim"><record><leader>00366nam--2200133-i-4500</leader><controlfield tag="001">000002963</controlfield><controlfield tag="002">20161230</controlfield><controlfield tag="005">20161230201025</controlfield><controlfield tag="008">060222s1000------------r-----000-0-eng-d</controlfield><datafield ind1=" " ind2=" " tag="080"><subfield code="a">539.16</subfield></datafield><datafield ind1=" " ind2=" " tag="100"><subfield code="a">Comar C.L</subfield></datafield><datafield ind1=" " ind2=" " tag="245"><subfield code="a">Radioisotopes in biology and agriculture. principles and practice</subfield></datafield><datafield ind1=" " ind2=" " tag="260"><subfield code="a">New York,Mcgraw-hill, 1955 Xiii + 481 P. Cu Fig</subfield></datafield><datafield ind1=" " ind2=" " tag="852"><subfield code="a">11180</subfield></datafield></record></collection>